%YAML 1.1
%TAG !u! tag:unity3d.com,2011:
--- !u!29 &1
OcclusionCullingSettings:
  m_ObjectHideFlags: 0
  serializedVersion: 2
  m_OcclusionBakeSettings:
    smallestOccluder: 5
    smallestHole: 0.25
    backfaceThreshold: 100
  m_SceneGUID: 00000000000000000000000000000000
  m_OcclusionCullingData: {fileID: 0}
--- !u!104 &2
RenderSettings:
  m_ObjectHideFlags: 0
  serializedVersion: 9
  m_Fog: 0
  m_FogColor: {r: 0.5, g: 0.5, b: 0.5, a: 1}
  m_FogMode: 3
  m_FogDensity: 0.01
  m_LinearFogStart: 0
  m_LinearFogEnd: 300
  m_AmbientSkyColor: {r: 0.212, g: 0.227, b: 0.259, a: 1}
  m_AmbientEquatorColor: {r: 0.114, g: 0.125, b: 0.133, a: 1}
  m_AmbientGroundColor: {r: 0.047, g: 0.043, b: 0.035, a: 1}
  m_AmbientIntensity: 1
  m_AmbientMode: 0
  m_SubtractiveShadowColor: {r: 0.42, g: 0.478, b: 0.627, a: 1}
  m_SkyboxMaterial: {fileID: 10304, guid: 0000000000000000f000000000000000, type: 0}
  m_HaloStrength: 0.5
  m_FlareStrength: 1
  m_FlareFadeSpeed: 3
  m_HaloTexture: {fileID: 0}
  m_SpotCookie: {fileID: 10001, guid: 0000000000000000e000000000000000, type: 0}
  m_DefaultReflectionMode: 0
  m_DefaultReflectionResolution: 128
  m_ReflectionBounces: 1
  m_ReflectionIntensity: 1
  m_CustomReflection: {fileID: 0}
  m_Sun: {fileID: 0}
  m_IndirectSpecularColor: {r: 0.44657844, g: 0.49641222, b: 0.57481694, a: 1}
  m_UseRadianceAmbientProbe: 0
--- !u!157 &3
LightmapSettings:
  m_ObjectHideFlags: 0
  serializedVersion: 11
  m_GIWorkflowMode: 0
  m_GISettings:
    serializedVersion: 2
    m_BounceScale: 1
    m_IndirectOutputScale: 1
    m_AlbedoBoost: 1
    m_EnvironmentLightingMode: 0
    m_EnableBakedLightmaps: 1
    m_EnableRealtimeLightmaps: 1
  m_LightmapEditorSettings:
    serializedVersion: 10
    m_Resolution: 2
    m_BakeResolution: 40
    m_AtlasSize: 1024
    m_AO: 0
    m_AOMaxDistance: 1
    m_CompAOExponent: 1
    m_CompAOExponentDirect: 0
    m_Padding: 2
    m_LightmapParameters: {fileID: 0}
    m_LightmapsBakeMode: 1
    m_TextureCompression: 1
    m_FinalGather: 0
    m_FinalGatherFiltering: 1
    m_FinalGatherRayCount: 256
    m_ReflectionCompression: 2
    m_MixedBakeMode: 2
    m_BakeBackend: 1
    m_PVRSampling: 1
    m_PVRDirectSampleCount: 32
    m_PVRSampleCount: 500
    m_PVRBounces: 2
    m_PVRFilterTypeDirect: 0
    m_PVRFilterTypeIndirect: 0
    m_PVRFilterTypeAO: 0
    m_PVRFilteringMode: 1
    m_PVRCulling: 1
    m_PVRFilteringGaussRadiusDirect: 1
    m_PVRFilteringGaussRadiusIndirect: 5
    m_PVRFilteringGaussRadiusAO: 2
    m_PVRFilteringAtrousPositionSigmaDirect: 0.5
    m_PVRFilteringAtrousPositionSigmaIndirect: 2
    m_PVRFilteringAtrousPositionSigmaAO: 1
    m_ShowResolutionOverlay: 1
  m_LightingDataAsset: {fileID: 0}
  m_UseShadowmask: 1
--- !u!196 &4
NavMeshSettings:
  serializedVersion: 2
  m_ObjectHideFlags: 0
  m_BuildSettings:
    serializedVersion: 2
    agentTypeID: 0
    agentRadius: 0.5
    agentHeight: 2
    agentSlope: 45
    agentClimb: 0.4
    ledgeDropHeight: 0
    maxJumpAcrossDistance: 0
    minRegionArea: 2
    manualCellSize: 0
    cellSize: 0.16666667
    manualTileSize: 0
    tileSize: 256
    accuratePlacement: 0
    debug:
      m_Flags: 0
  m_NavMeshData: {fileID: 0}
--- !u!114 &232215425 stripped
MonoBehaviour:
  m_CorrespondingSourceObject: {fileID: 5417759603213685279, guid: 7dd49bb4d8123db4fb8805d1787f3d16,
    type: 3}
  m_PrefabInstance: {fileID: 1521075426}
  m_PrefabAsset: {fileID: 0}
  m_GameObject: {fileID: 0}
  m_Enabled: 1
  m_EditorHideFlags: 0
  m_Script: {fileID: 708705254, guid: f70555f144d8491a825f0804e09c671c, type: 3}
  m_Name: 
  m_EditorClassIdentifier: 
--- !u!1 &369107169 stripped
GameObject:
  m_CorrespondingSourceObject: {fileID: 1950613274397368, guid: 7dd49bb4d8123db4fb8805d1787f3d16,
    type: 3}
  m_PrefabInstance: {fileID: 1521075426}
  m_PrefabAsset: {fileID: 0}
--- !u!1 &403830713 stripped
GameObject:
  m_CorrespondingSourceObject: {fileID: 1012192624154120, guid: 7dd49bb4d8123db4fb8805d1787f3d16,
    type: 3}
  m_PrefabInstance: {fileID: 1521075426}
  m_PrefabAsset: {fileID: 0}
--- !u!114 &403830715 stripped
MonoBehaviour:
  m_CorrespondingSourceObject: {fileID: 114750757908702228, guid: 7dd49bb4d8123db4fb8805d1787f3d16,
    type: 3}
  m_PrefabInstance: {fileID: 1521075426}
  m_PrefabAsset: {fileID: 0}
  m_GameObject: {fileID: 403830713}
  m_Enabled: 1
  m_EditorHideFlags: 0
  m_Script: {fileID: 708705254, guid: f70555f144d8491a825f0804e09c671c, type: 3}
  m_Name: 
  m_EditorClassIdentifier: 
--- !u!1001 &440772953
PrefabInstance:
  m_ObjectHideFlags: 0
  serializedVersion: 2
  m_Modification:
    m_TransformParent: {fileID: 0}
    m_Modifications:
    - target: {fileID: 4684865882157426, guid: 17ea11e4b1dda1d42939eef1c35fc514, type: 3}
      propertyPath: m_LocalPosition.x
      value: -105.7
      objectReference: {fileID: 0}
    - target: {fileID: 4684865882157426, guid: 17ea11e4b1dda1d42939eef1c35fc514, type: 3}
      propertyPath: m_LocalPosition.y
      value: 2176.2
      objectReference: {fileID: 0}
    - target: {fileID: 4684865882157426, guid: 17ea11e4b1dda1d42939eef1c35fc514, type: 3}
      propertyPath: m_LocalPosition.z
      value: -4619.2
      objectReference: {fileID: 0}
    - target: {fileID: 4684865882157426, guid: 17ea11e4b1dda1d42939eef1c35fc514, type: 3}
      propertyPath: m_LocalRotation.x
      value: 0
      objectReference: {fileID: 0}
    - target: {fileID: 4684865882157426, guid: 17ea11e4b1dda1d42939eef1c35fc514, type: 3}
      propertyPath: m_LocalRotation.y
      value: 0
      objectReference: {fileID: 0}
    - target: {fileID: 4684865882157426, guid: 17ea11e4b1dda1d42939eef1c35fc514, type: 3}
      propertyPath: m_LocalRotation.z
      value: 0
      objectReference: {fileID: 0}
    - target: {fileID: 4684865882157426, guid: 17ea11e4b1dda1d42939eef1c35fc514, type: 3}
      propertyPath: m_LocalRotation.w
      value: 1
      objectReference: {fileID: 0}
    - target: {fileID: 4684865882157426, guid: 17ea11e4b1dda1d42939eef1c35fc514, type: 3}
      propertyPath: m_RootOrder
      value: 4
      objectReference: {fileID: 0}
    - target: {fileID: 114593409239992498, guid: 17ea11e4b1dda1d42939eef1c35fc514,
        type: 3}
      propertyPath: Sounds.Array.data[20].vol
      value: 1
      objectReference: {fileID: 0}
    m_RemovedComponents: []
  m_SourcePrefab: {fileID: 100100000, guid: 17ea11e4b1dda1d42939eef1c35fc514, type: 3}
--- !u!1 &771397340 stripped
GameObject:
  m_CorrespondingSourceObject: {fileID: 4833742400190430744, guid: 7dd49bb4d8123db4fb8805d1787f3d16,
    type: 3}
  m_PrefabInstance: {fileID: 1521075426}
  m_PrefabAsset: {fileID: 0}
--- !u!114 &771397342 stripped
MonoBehaviour:
  m_CorrespondingSourceObject: {fileID: 2412707435997610372, guid: 7dd49bb4d8123db4fb8805d1787f3d16,
    type: 3}
  m_PrefabInstance: {fileID: 1521075426}
  m_PrefabAsset: {fileID: 0}
  m_GameObject: {fileID: 771397340}
  m_Enabled: 1
  m_EditorHideFlags: 0
  m_Script: {fileID: 708705254, guid: f70555f144d8491a825f0804e09c671c, type: 3}
  m_Name: 
  m_EditorClassIdentifier: 
--- !u!114 &771397344
MonoBehaviour:
  m_ObjectHideFlags: 0
  m_CorrespondingSourceObject: {fileID: 0}
  m_PrefabInstance: {fileID: 0}
  m_PrefabAsset: {fileID: 0}
  m_GameObject: {fileID: 771397340}
  m_Enabled: 1
  m_EditorHideFlags: 0
  m_Script: {fileID: 11500000, guid: 90f48c6c3ea0b69409c5972b92607c0b, type: 3}
  m_Name: 
  m_EditorClassIdentifier: 
  letterTime: 0.001
  fullText: The journey was more challenging. Jujo had received the first gem with
    its ability. He was excited and nervous. He hopes the second gems would deserve
    to be his.
  currentText: 
  cutsceneText: {fileID: 771397342}
--- !u!1 &873295520
GameObject:
  m_ObjectHideFlags: 0
  m_CorrespondingSourceObject: {fileID: 0}
  m_PrefabInstance: {fileID: 0}
  m_PrefabAsset: {fileID: 0}
  serializedVersion: 6
  m_Component:
  - component: {fileID: 873295522}
  - component: {fileID: 873295521}
  m_Layer: 0
  m_Name: Directional Light
  m_TagString: Untagged
  m_Icon: {fileID: 0}
  m_NavMeshLayer: 0
  m_StaticEditorFlags: 0
  m_IsActive: 1
--- !u!108 &873295521
Light:
  m_ObjectHideFlags: 0
  m_CorrespondingSourceObject: {fileID: 0}
  m_PrefabInstance: {fileID: 0}
  m_PrefabAsset: {fileID: 0}
  m_GameObject: {fileID: 873295520}
  m_Enabled: 1
  serializedVersion: 8
  m_Type: 1
  m_Color: {r: 1, g: 0.95686275, b: 0.8392157, a: 1}
  m_Intensity: 1
  m_Range: 10
  m_SpotAngle: 30
  m_CookieSize: 10
  m_Shadows:
    m_Type: 2
    m_Resolution: -1
    m_CustomResolution: -1
    m_Strength: 1
    m_Bias: 0.05
    m_NormalBias: 0.4
    m_NearPlane: 0.2
  m_Cookie: {fileID: 0}
  m_DrawHalo: 0
  m_Flare: {fileID: 0}
  m_RenderMode: 0
  m_CullingMask:
    serializedVersion: 2
    m_Bits: 4294967295
  m_Lightmapping: 4
  m_LightShadowCasterMode: 0
  m_AreaSize: {x: 1, y: 1}
  m_BounceIntensity: 1
  m_ColorTemperature: 6570
  m_UseColorTemperature: 0
  m_ShadowRadius: 0
  m_ShadowAngle: 0
--- !u!4 &873295522
Transform:
  m_ObjectHideFlags: 0
  m_CorrespondingSourceObject: {fileID: 0}
  m_PrefabInstance: {fileID: 0}
  m_PrefabAsset: {fileID: 0}
  m_GameObject: {fileID: 873295520}
  m_LocalRotation: {x: 0.40821788, y: -0.23456968, z: 0.10938163, w: 0.8754261}
  m_LocalPosition: {x: 0, y: 3, z: 0}
  m_LocalScale: {x: 1, y: 1, z: 1}
  m_Children: []
  m_Father: {fileID: 0}
  m_RootOrder: 1
  m_LocalEulerAnglesHint: {x: 50, y: -30, z: 0}
--- !u!1 &910849379 stripped
GameObject:
  m_CorrespondingSourceObject: {fileID: 6869794264683693062, guid: 7dd49bb4d8123db4fb8805d1787f3d16,
    type: 3}
  m_PrefabInstance: {fileID: 1521075426}
  m_PrefabAsset: {fileID: 0}
--- !u!95 &910849381
Animator:
  serializedVersion: 3
  m_ObjectHideFlags: 0
  m_CorrespondingSourceObject: {fileID: 0}
  m_PrefabInstance: {fileID: 0}
  m_PrefabAsset: {fileID: 0}
  m_GameObject: {fileID: 910849379}
  m_Enabled: 1
  m_Avatar: {fileID: 0}
  m_Controller: {fileID: 9100000, guid: e1dd90d86e186a140a5858d46f18d1d1, type: 2}
  m_CullingMode: 0
  m_UpdateMode: 0
  m_ApplyRootMotion: 0
  m_LinearVelocityBlending: 0
  m_WarningMessage: 
  m_HasTransformHierarchy: 1
  m_AllowConstantClipSamplingOptimization: 1
  m_KeepAnimatorControllerStateOnDisable: 0
--- !u!1 &1277010723 stripped
GameObject:
  m_CorrespondingSourceObject: {fileID: 1361131373215028, guid: 7dd49bb4d8123db4fb8805d1787f3d16,
    type: 3}
  m_PrefabInstance: {fileID: 1521075426}
  m_PrefabAsset: {fileID: 0}
--- !u!1 &1443092113
GameObject:
  m_ObjectHideFlags: 0
  m_CorrespondingSourceObject: {fileID: 0}
  m_PrefabInstance: {fileID: 0}
  m_PrefabAsset: {fileID: 0}
  serializedVersion: 6
  m_Component:
  - component: {fileID: 1443092116}
  - component: {fileID: 1443092115}
  - component: {fileID: 1443092114}
  m_Layer: 0
  m_Name: Main Camera
  m_TagString: MainCamera
  m_Icon: {fileID: 0}
  m_NavMeshLayer: 0
  m_StaticEditorFlags: 0
  m_IsActive: 1
--- !u!81 &1443092114
AudioListener:
  m_ObjectHideFlags: 0
  m_CorrespondingSourceObject: {fileID: 0}
  m_PrefabInstance: {fileID: 0}
  m_PrefabAsset: {fileID: 0}
  m_GameObject: {fileID: 1443092113}
  m_Enabled: 1
--- !u!20 &1443092115
Camera:
  m_ObjectHideFlags: 0
  m_CorrespondingSourceObject: {fileID: 0}
  m_PrefabInstance: {fileID: 0}
  m_PrefabAsset: {fileID: 0}
  m_GameObject: {fileID: 1443092113}
  m_Enabled: 1
  serializedVersion: 2
  m_ClearFlags: 1
  m_BackGroundColor: {r: 0.19215687, g: 0.3019608, b: 0.4745098, a: 0}
  m_projectionMatrixMode: 1
  m_SensorSize: {x: 36, y: 24}
  m_LensShift: {x: 0, y: 0}
  m_GateFitMode: 2
  m_FocalLength: 50
  m_NormalizedViewPortRect:
    serializedVersion: 2
    x: 0
    y: 0
    width: 1
    height: 1
  near clip plane: 0.3
  far clip plane: 1000
  field of view: 60
  orthographic: 1
  orthographic size: 5
  m_Depth: -1
  m_CullingMask:
    serializedVersion: 2
    m_Bits: 4294967295
  m_RenderingPath: -1
  m_TargetTexture: {fileID: 0}
  m_TargetDisplay: 0
  m_TargetEye: 3
  m_HDR: 1
  m_AllowMSAA: 1
  m_AllowDynamicResolution: 0
  m_ForceIntoRT: 0
  m_OcclusionCulling: 1
  m_StereoConvergence: 10
  m_StereoSeparation: 0.022
--- !u!4 &1443092116
Transform:
  m_ObjectHideFlags: 0
  m_CorrespondingSourceObject: {fileID: 0}
  m_PrefabInstance: {fileID: 0}
  m_PrefabAsset: {fileID: 0}
  m_GameObject: {fileID: 1443092113}
  m_LocalRotation: {x: 0, y: 0, z: 0, w: 1}
  m_LocalPosition: {x: 0, y: 1, z: -10}
  m_LocalScale: {x: 1, y: 1, z: 1}
  m_Children: []
  m_Father: {fileID: 0}
  m_RootOrder: 0
  m_LocalEulerAnglesHint: {x: 0, y: 0, z: 0}
--- !u!1001 &1521075426
PrefabInstance:
  m_ObjectHideFlags: 0
  serializedVersion: 2
  m_Modification:
    m_TransformParent: {fileID: 2046115370}
    m_Modifications:
    - target: {fileID: 1608776765313668, guid: 7dd49bb4d8123db4fb8805d1787f3d16, type: 3}
      propertyPath: m_Name
      value: LvSelectionPanel
      objectReference: {fileID: 0}
    - target: {fileID: 5417759603213685279, guid: 7dd49bb4d8123db4fb8805d1787f3d16,
        type: 3}
      propertyPath: m_FontData.m_Font
      value: 
      objectReference: {fileID: 12800000, guid: 94b97880a8b4ea447b98900860893faf,
        type: 3}
    - target: {fileID: 114750757908702228, guid: 7dd49bb4d8123db4fb8805d1787f3d16,
        type: 3}
      propertyPath: m_Text
      value: Select Stage
      objectReference: {fileID: 0}
    - target: {fileID: 4833742400190430744, guid: 7dd49bb4d8123db4fb8805d1787f3d16,
        type: 3}
      propertyPath: m_IsActive
      value: 0
      objectReference: {fileID: 0}
    - target: {fileID: 1361131373215028, guid: 7dd49bb4d8123db4fb8805d1787f3d16, type: 3}
      propertyPath: m_Name
      value: Image_LV1
      objectReference: {fileID: 0}
    - target: {fileID: 1361131373215028, guid: 7dd49bb4d8123db4fb8805d1787f3d16, type: 3}
      propertyPath: m_IsActive
      value: 1
      objectReference: {fileID: 0}
    - target: {fileID: 224711543064619928, guid: 7dd49bb4d8123db4fb8805d1787f3d16,
        type: 3}
      propertyPath: m_LocalPosition.x
      value: 0
      objectReference: {fileID: 0}
    - target: {fileID: 224711543064619928, guid: 7dd49bb4d8123db4fb8805d1787f3d16,
        type: 3}
      propertyPath: m_LocalPosition.y
      value: 0
      objectReference: {fileID: 0}
    - target: {fileID: 224711543064619928, guid: 7dd49bb4d8123db4fb8805d1787f3d16,
        type: 3}
      propertyPath: m_LocalPosition.z
      value: 0
      objectReference: {fileID: 0}
    - target: {fileID: 224711543064619928, guid: 7dd49bb4d8123db4fb8805d1787f3d16,
        type: 3}
      propertyPath: m_LocalRotation.x
      value: -0
      objectReference: {fileID: 0}
    - target: {fileID: 224711543064619928, guid: 7dd49bb4d8123db4fb8805d1787f3d16,
        type: 3}
      propertyPath: m_LocalRotation.y
      value: -0
      objectReference: {fileID: 0}
    - target: {fileID: 224711543064619928, guid: 7dd49bb4d8123db4fb8805d1787f3d16,
        type: 3}
      propertyPath: m_LocalRotation.z
      value: -0
      objectReference: {fileID: 0}
    - target: {fileID: 224711543064619928, guid: 7dd49bb4d8123db4fb8805d1787f3d16,
        type: 3}
      propertyPath: m_LocalRotation.w
      value: 1
      objectReference: {fileID: 0}
    - target: {fileID: 224711543064619928, guid: 7dd49bb4d8123db4fb8805d1787f3d16,
        type: 3}
      propertyPath: m_RootOrder
      value: 0
      objectReference: {fileID: 0}
    - target: {fileID: 224711543064619928, guid: 7dd49bb4d8123db4fb8805d1787f3d16,
        type: 3}
      propertyPath: m_LocalEulerAnglesHint.x
      value: 0
      objectReference: {fileID: 0}
    - target: {fileID: 224711543064619928, guid: 7dd49bb4d8123db4fb8805d1787f3d16,
        type: 3}
      propertyPath: m_LocalEulerAnglesHint.y
      value: 0
      objectReference: {fileID: 0}
    - target: {fileID: 224711543064619928, guid: 7dd49bb4d8123db4fb8805d1787f3d16,
        type: 3}
      propertyPath: m_LocalEulerAnglesHint.z
      value: 0
      objectReference: {fileID: 0}
    - target: {fileID: 224711543064619928, guid: 7dd49bb4d8123db4fb8805d1787f3d16,
        type: 3}
      propertyPath: m_AnchoredPosition.x
      value: 0
      objectReference: {fileID: 0}
    - target: {fileID: 224711543064619928, guid: 7dd49bb4d8123db4fb8805d1787f3d16,
        type: 3}
      propertyPath: m_AnchoredPosition.y
      value: 0
      objectReference: {fileID: 0}
    - target: {fileID: 224711543064619928, guid: 7dd49bb4d8123db4fb8805d1787f3d16,
        type: 3}
      propertyPath: m_SizeDelta.x
      value: 0
      objectReference: {fileID: 0}
    - target: {fileID: 224711543064619928, guid: 7dd49bb4d8123db4fb8805d1787f3d16,
        type: 3}
      propertyPath: m_SizeDelta.y
      value: 0
      objectReference: {fileID: 0}
    - target: {fileID: 224711543064619928, guid: 7dd49bb4d8123db4fb8805d1787f3d16,
        type: 3}
      propertyPath: m_AnchorMin.x
      value: 0
      objectReference: {fileID: 0}
    - target: {fileID: 224711543064619928, guid: 7dd49bb4d8123db4fb8805d1787f3d16,
        type: 3}
      propertyPath: m_AnchorMin.y
      value: 0
      objectReference: {fileID: 0}
    - target: {fileID: 224711543064619928, guid: 7dd49bb4d8123db4fb8805d1787f3d16,
        type: 3}
      propertyPath: m_AnchorMax.x
      value: 1
      objectReference: {fileID: 0}
    - target: {fileID: 224711543064619928, guid: 7dd49bb4d8123db4fb8805d1787f3d16,
        type: 3}
      propertyPath: m_AnchorMax.y
      value: 1
      objectReference: {fileID: 0}
    - target: {fileID: 224711543064619928, guid: 7dd49bb4d8123db4fb8805d1787f3d16,
        type: 3}
      propertyPath: m_Pivot.x
      value: 0.5
      objectReference: {fileID: 0}
    - target: {fileID: 224711543064619928, guid: 7dd49bb4d8123db4fb8805d1787f3d16,
        type: 3}
      propertyPath: m_Pivot.y
      value: 0.5
      objectReference: {fileID: 0}
    - target: {fileID: 114175648657433590, guid: 7dd49bb4d8123db4fb8805d1787f3d16,
        type: 3}
      propertyPath: m_OnClick.m_PersistentCalls.m_Calls.Array.data[0].m_Target
      value: 
      objectReference: {fileID: 2046115371}
    - target: {fileID: 114096621333099476, guid: 7dd49bb4d8123db4fb8805d1787f3d16,
        type: 3}
      propertyPath: m_OnClick.m_PersistentCalls.m_Calls.Array.data[0].m_Target
      value: 
      objectReference: {fileID: 2046115371}
    - target: {fileID: 114261824937718636, guid: 7dd49bb4d8123db4fb8805d1787f3d16,
        type: 3}
      propertyPath: m_OnClick.m_PersistentCalls.m_Calls.Array.data[0].m_Target
      value: 
      objectReference: {fileID: 2046115371}
    - target: {fileID: 114320554081229340, guid: 7dd49bb4d8123db4fb8805d1787f3d16,
        type: 3}
      propertyPath: m_OnClick.m_PersistentCalls.m_Calls.Array.data[0].m_Target
      value: 
      objectReference: {fileID: 2046115371}
    - target: {fileID: 114984848487573520, guid: 7dd49bb4d8123db4fb8805d1787f3d16,
        type: 3}
      propertyPath: m_OnClick.m_PersistentCalls.m_Calls.Array.size
      value: 3
      objectReference: {fileID: 0}
    - target: {fileID: 114984848487573520, guid: 7dd49bb4d8123db4fb8805d1787f3d16,
        type: 3}
      propertyPath: m_OnClick.m_PersistentCalls.m_Calls.Array.data[0].m_Target
      value: 
      objectReference: {fileID: 2046115371}
    - target: {fileID: 114984848487573520, guid: 7dd49bb4d8123db4fb8805d1787f3d16,
        type: 3}
      propertyPath: m_OnClick.m_PersistentCalls.m_Calls.Array.data[0].m_Arguments.m_IntArgument
      value: 3
      objectReference: {fileID: 0}
    - target: {fileID: 114984848487573520, guid: 7dd49bb4d8123db4fb8805d1787f3d16,
        type: 3}
      propertyPath: m_OnClick.m_PersistentCalls.m_Calls.Array.data[2].m_Mode
      value: 1
      objectReference: {fileID: 0}
    - target: {fileID: 114984848487573520, guid: 7dd49bb4d8123db4fb8805d1787f3d16,
        type: 3}
      propertyPath: m_OnClick.m_PersistentCalls.m_Calls.Array.data[2].m_CallState
      value: 2
      objectReference: {fileID: 0}
    - target: {fileID: 114984848487573520, guid: 7dd49bb4d8123db4fb8805d1787f3d16,
        type: 3}
      propertyPath: m_OnClick.m_PersistentCalls.m_Calls.Array.data[2].m_Target
      value: 
      objectReference: {fileID: 1776512365}
    - target: {fileID: 114984848487573520, guid: 7dd49bb4d8123db4fb8805d1787f3d16,
        type: 3}
      propertyPath: m_OnClick.m_PersistentCalls.m_Calls.Array.data[2].m_MethodName
      value: startAnimated
      objectReference: {fileID: 0}
    - target: {fileID: 114984848487573520, guid: 7dd49bb4d8123db4fb8805d1787f3d16,
        type: 3}
      propertyPath: m_OnClick.m_PersistentCalls.m_Calls.Array.data[2].m_Arguments.m_ObjectArgumentAssemblyTypeName
      value: UnityEngine.Object, UnityEngine
      objectReference: {fileID: 0}
    - target: {fileID: 114488482535760520, guid: 7dd49bb4d8123db4fb8805d1787f3d16,
        type: 3}
      propertyPath: m_OnClick.m_PersistentCalls.m_Calls.Array.size
      value: 3
      objectReference: {fileID: 0}
    - target: {fileID: 114488482535760520, guid: 7dd49bb4d8123db4fb8805d1787f3d16,
        type: 3}
      propertyPath: m_OnClick.m_PersistentCalls.m_Calls.Array.data[0].m_Target
      value: 
      objectReference: {fileID: 2046115371}
    - target: {fileID: 114488482535760520, guid: 7dd49bb4d8123db4fb8805d1787f3d16,
        type: 3}
      propertyPath: m_OnClick.m_PersistentCalls.m_Calls.Array.data[0].m_Arguments.m_IntArgument
      value: 2
      objectReference: {fileID: 0}
    - target: {fileID: 114488482535760520, guid: 7dd49bb4d8123db4fb8805d1787f3d16,
        type: 3}
      propertyPath: m_OnClick.m_PersistentCalls.m_Calls.Array.data[2].m_Mode
      value: 1
      objectReference: {fileID: 0}
    - target: {fileID: 114488482535760520, guid: 7dd49bb4d8123db4fb8805d1787f3d16,
        type: 3}
      propertyPath: m_OnClick.m_PersistentCalls.m_Calls.Array.data[2].m_CallState
      value: 2
      objectReference: {fileID: 0}
    - target: {fileID: 114488482535760520, guid: 7dd49bb4d8123db4fb8805d1787f3d16,
        type: 3}
      propertyPath: m_OnClick.m_PersistentCalls.m_Calls.Array.data[2].m_Target
      value: 
      objectReference: {fileID: 771397344}
    - target: {fileID: 114488482535760520, guid: 7dd49bb4d8123db4fb8805d1787f3d16,
        type: 3}
      propertyPath: m_OnClick.m_PersistentCalls.m_Calls.Array.data[2].m_MethodName
      value: startAnimated
      objectReference: {fileID: 0}
    - target: {fileID: 114488482535760520, guid: 7dd49bb4d8123db4fb8805d1787f3d16,
        type: 3}
      propertyPath: m_OnClick.m_PersistentCalls.m_Calls.Array.data[2].m_Arguments.m_ObjectArgumentAssemblyTypeName
      value: UnityEngine.Object, UnityEngine
      objectReference: {fileID: 0}
    - target: {fileID: 114099084948552702, guid: 7dd49bb4d8123db4fb8805d1787f3d16,
        type: 3}
      propertyPath: m_OnClick.m_PersistentCalls.m_Calls.Array.size
      value: 3
      objectReference: {fileID: 0}
    - target: {fileID: 114099084948552702, guid: 7dd49bb4d8123db4fb8805d1787f3d16,
        type: 3}
      propertyPath: m_OnClick.m_PersistentCalls.m_Calls.Array.data[0].m_Target
      value: 
      objectReference: {fileID: 2046115371}
    - target: {fileID: 114099084948552702, guid: 7dd49bb4d8123db4fb8805d1787f3d16,
        type: 3}
      propertyPath: m_OnClick.m_PersistentCalls.m_Calls.Array.data[0].m_Arguments.m_IntArgument
      value: 1
      objectReference: {fileID: 0}
    - target: {fileID: 114099084948552702, guid: 7dd49bb4d8123db4fb8805d1787f3d16,
        type: 3}
      propertyPath: m_OnClick.m_PersistentCalls.m_Calls.Array.data[2].m_Mode
      value: 1
      objectReference: {fileID: 0}
    - target: {fileID: 114099084948552702, guid: 7dd49bb4d8123db4fb8805d1787f3d16,
        type: 3}
      propertyPath: m_OnClick.m_PersistentCalls.m_Calls.Array.data[2].m_CallState
      value: 2
      objectReference: {fileID: 0}
    - target: {fileID: 114099084948552702, guid: 7dd49bb4d8123db4fb8805d1787f3d16,
        type: 3}
      propertyPath: m_OnClick.m_PersistentCalls.m_Calls.Array.data[2].m_Target
      value: 
      objectReference: {fileID: 2020991944}
    - target: {fileID: 114099084948552702, guid: 7dd49bb4d8123db4fb8805d1787f3d16,
        type: 3}
      propertyPath: m_OnClick.m_PersistentCalls.m_Calls.Array.data[2].m_MethodName
      value: startAnimated
      objectReference: {fileID: 0}
    - target: {fileID: 114099084948552702, guid: 7dd49bb4d8123db4fb8805d1787f3d16,
        type: 3}
      propertyPath: m_OnClick.m_PersistentCalls.m_Calls.Array.data[2].m_Arguments.m_ObjectArgumentAssemblyTypeName
      value: UnityEngine.Object, UnityEngine
      objectReference: {fileID: 0}
    - target: {fileID: 224228519015180066, guid: 7dd49bb4d8123db4fb8805d1787f3d16,
        type: 3}
      propertyPath: m_AnchoredPosition.x
      value: -229.09998
      objectReference: {fileID: 0}
    - target: {fileID: 224228519015180066, guid: 7dd49bb4d8123db4fb8805d1787f3d16,
        type: 3}
      propertyPath: m_AnchoredPosition.y
      value: -119.4
      objectReference: {fileID: 0}
    - target: {fileID: 224228519015180066, guid: 7dd49bb4d8123db4fb8805d1787f3d16,
        type: 3}
      propertyPath: m_SizeDelta.x
      value: -536.7
      objectReference: {fileID: 0}
    - target: {fileID: 224228519015180066, guid: 7dd49bb4d8123db4fb8805d1787f3d16,
        type: 3}
      propertyPath: m_SizeDelta.y
      value: 432.3
      objectReference: {fileID: 0}
    - target: {fileID: 1472993795514896, guid: 7dd49bb4d8123db4fb8805d1787f3d16, type: 3}
      propertyPath: m_Name
      value: Image_LV2
      objectReference: {fileID: 0}
    - target: {fileID: 1619414527, guid: 7dd49bb4d8123db4fb8805d1787f3d16, type: 3}
      propertyPath: m_Name
      value: Image_LV3
      objectReference: {fileID: 0}
    - target: {fileID: 224595396186682936, guid: 7dd49bb4d8123db4fb8805d1787f3d16,
        type: 3}
      propertyPath: m_AnchorMin.x
      value: 1
      objectReference: {fileID: 0}
    - target: {fileID: 224595396186682936, guid: 7dd49bb4d8123db4fb8805d1787f3d16,
        type: 3}
      propertyPath: m_AnchorMin.y
      value: 0
      objectReference: {fileID: 0}
    - target: {fileID: 224595396186682936, guid: 7dd49bb4d8123db4fb8805d1787f3d16,
        type: 3}
      propertyPath: m_AnchorMax.x
      value: 1
      objectReference: {fileID: 0}
    - target: {fileID: 224595396186682936, guid: 7dd49bb4d8123db4fb8805d1787f3d16,
        type: 3}
      propertyPath: m_AnchorMax.y
      value: 0
      objectReference: {fileID: 0}
    - target: {fileID: 224595396186682936, guid: 7dd49bb4d8123db4fb8805d1787f3d16,
        type: 3}
      propertyPath: m_AnchoredPosition.x
      value: 593
      objectReference: {fileID: 0}
    - target: {fileID: 224595396186682936, guid: 7dd49bb4d8123db4fb8805d1787f3d16,
        type: 3}
      propertyPath: m_AnchoredPosition.y
      value: -192
      objectReference: {fileID: 0}
    - target: {fileID: 224667944014111512, guid: 7dd49bb4d8123db4fb8805d1787f3d16,
        type: 3}
      propertyPath: m_AnchorMin.x
      value: 0.5
      objectReference: {fileID: 0}
    - target: {fileID: 224667944014111512, guid: 7dd49bb4d8123db4fb8805d1787f3d16,
        type: 3}
      propertyPath: m_AnchorMin.y
      value: 1
      objectReference: {fileID: 0}
    - target: {fileID: 224667944014111512, guid: 7dd49bb4d8123db4fb8805d1787f3d16,
        type: 3}
      propertyPath: m_AnchorMax.x
      value: 0.5
      objectReference: {fileID: 0}
    - target: {fileID: 224667944014111512, guid: 7dd49bb4d8123db4fb8805d1787f3d16,
        type: 3}
      propertyPath: m_AnchoredPosition.y
      value: -244.5
      objectReference: {fileID: 0}
    - target: {fileID: 224667944014111512, guid: 7dd49bb4d8123db4fb8805d1787f3d16,
        type: 3}
      propertyPath: m_SizeDelta.x
      value: 1447
      objectReference: {fileID: 0}
    - target: {fileID: 224667944014111512, guid: 7dd49bb4d8123db4fb8805d1787f3d16,
        type: 3}
      propertyPath: m_SizeDelta.y
      value: 135
      objectReference: {fileID: 0}
    - target: {fileID: 224667944014111512, guid: 7dd49bb4d8123db4fb8805d1787f3d16,
        type: 3}
      propertyPath: m_AnchoredPosition.x
      value: 4.9
      objectReference: {fileID: 0}
    - target: {fileID: 224086683396532858, guid: 7dd49bb4d8123db4fb8805d1787f3d16,
        type: 3}
      propertyPath: m_AnchorMin.y
      value: 1
      objectReference: {fileID: 0}
    - target: {fileID: 224086683396532858, guid: 7dd49bb4d8123db4fb8805d1787f3d16,
        type: 3}
      propertyPath: m_AnchorMax.y
      value: 1
      objectReference: {fileID: 0}
    - target: {fileID: 224086683396532858, guid: 7dd49bb4d8123db4fb8805d1787f3d16,
        type: 3}
      propertyPath: m_AnchoredPosition.y
      value: -80.20001
      objectReference: {fileID: 0}
    - target: {fileID: 224086683396532858, guid: 7dd49bb4d8123db4fb8805d1787f3d16,
        type: 3}
      propertyPath: m_AnchoredPosition.x
      value: 6.4749985
      objectReference: {fileID: 0}
    - target: {fileID: 224086683396532858, guid: 7dd49bb4d8123db4fb8805d1787f3d16,
        type: 3}
      propertyPath: m_SizeDelta.x
      value: 752.95
      objectReference: {fileID: 0}
    - target: {fileID: 224587181050409624, guid: 7dd49bb4d8123db4fb8805d1787f3d16,
        type: 3}
      propertyPath: m_AnchorMin.x
      value: 0
      objectReference: {fileID: 0}
    - target: {fileID: 224587181050409624, guid: 7dd49bb4d8123db4fb8805d1787f3d16,
        type: 3}
      propertyPath: m_AnchorMin.y
      value: 0
      objectReference: {fileID: 0}
    - target: {fileID: 224587181050409624, guid: 7dd49bb4d8123db4fb8805d1787f3d16,
        type: 3}
      propertyPath: m_AnchorMax.x
      value: 0
      objectReference: {fileID: 0}
    - target: {fileID: 224587181050409624, guid: 7dd49bb4d8123db4fb8805d1787f3d16,
        type: 3}
      propertyPath: m_AnchorMax.y
      value: 0
      objectReference: {fileID: 0}
    - target: {fileID: 224587181050409624, guid: 7dd49bb4d8123db4fb8805d1787f3d16,
        type: 3}
      propertyPath: m_AnchoredPosition.x
      value: -596
      objectReference: {fileID: 0}
    - target: {fileID: 224587181050409624, guid: 7dd49bb4d8123db4fb8805d1787f3d16,
        type: 3}
      propertyPath: m_AnchoredPosition.y
      value: -193
      objectReference: {fileID: 0}
    - target: {fileID: 224503181639106402, guid: 7dd49bb4d8123db4fb8805d1787f3d16,
        type: 3}
      propertyPath: m_AnchorMin.y
      value: 0
      objectReference: {fileID: 0}
    - target: {fileID: 224503181639106402, guid: 7dd49bb4d8123db4fb8805d1787f3d16,
        type: 3}
      propertyPath: m_AnchorMax.y
      value: 0
      objectReference: {fileID: 0}
    - target: {fileID: 224503181639106402, guid: 7dd49bb4d8123db4fb8805d1787f3d16,
        type: 3}
      propertyPath: m_AnchoredPosition.x
      value: 0
      objectReference: {fileID: 0}
    - target: {fileID: 224503181639106402, guid: 7dd49bb4d8123db4fb8805d1787f3d16,
        type: 3}
      propertyPath: m_AnchoredPosition.y
      value: 0
      objectReference: {fileID: 0}
    - target: {fileID: 224561259570607838, guid: 7dd49bb4d8123db4fb8805d1787f3d16,
        type: 3}
      propertyPath: m_AnchorMin.y
      value: 0
      objectReference: {fileID: 0}
    - target: {fileID: 224561259570607838, guid: 7dd49bb4d8123db4fb8805d1787f3d16,
        type: 3}
      propertyPath: m_AnchorMax.y
      value: 0
      objectReference: {fileID: 0}
    - target: {fileID: 224561259570607838, guid: 7dd49bb4d8123db4fb8805d1787f3d16,
        type: 3}
      propertyPath: m_AnchoredPosition.x
      value: 0
      objectReference: {fileID: 0}
    - target: {fileID: 224561259570607838, guid: 7dd49bb4d8123db4fb8805d1787f3d16,
        type: 3}
      propertyPath: m_AnchoredPosition.y
      value: 0
      objectReference: {fileID: 0}
    - target: {fileID: 224341354237723476, guid: 7dd49bb4d8123db4fb8805d1787f3d16,
        type: 3}
      propertyPath: m_AnchorMin.y
      value: 0
      objectReference: {fileID: 0}
    - target: {fileID: 224341354237723476, guid: 7dd49bb4d8123db4fb8805d1787f3d16,
        type: 3}
      propertyPath: m_AnchorMax.y
      value: 0
      objectReference: {fileID: 0}
    - target: {fileID: 224341354237723476, guid: 7dd49bb4d8123db4fb8805d1787f3d16,
        type: 3}
      propertyPath: m_AnchoredPosition.x
      value: 0
      objectReference: {fileID: 0}
    - target: {fileID: 224341354237723476, guid: 7dd49bb4d8123db4fb8805d1787f3d16,
        type: 3}
      propertyPath: m_AnchoredPosition.y
      value: 0
      objectReference: {fileID: 0}
    - target: {fileID: 114541740012077334, guid: 7dd49bb4d8123db4fb8805d1787f3d16,
        type: 3}
      propertyPath: m_Sprite
      value: 
      objectReference: {fileID: 21300008, guid: ab8880942ce10364b9c004e885d52f9a,
        type: 3}
    - target: {fileID: 554286736506519476, guid: 7dd49bb4d8123db4fb8805d1787f3d16,
        type: 3}
      propertyPath: m_LocalScale.x
      value: 0.8
      objectReference: {fileID: 0}
    - target: {fileID: 554286736506519476, guid: 7dd49bb4d8123db4fb8805d1787f3d16,
        type: 3}
      propertyPath: m_LocalScale.y
      value: 0.8
      objectReference: {fileID: 0}
    - target: {fileID: 554286736506519476, guid: 7dd49bb4d8123db4fb8805d1787f3d16,
        type: 3}
      propertyPath: m_LocalScale.z
      value: 0.8
      objectReference: {fileID: 0}
    - target: {fileID: 554286736506519476, guid: 7dd49bb4d8123db4fb8805d1787f3d16,
        type: 3}
      propertyPath: m_AnchoredPosition.x
      value: 2255
      objectReference: {fileID: 0}
    - target: {fileID: 5395631816234478667, guid: 7dd49bb4d8123db4fb8805d1787f3d16,
        type: 3}
      propertyPath: m_LocalScale.x
      value: 0.936
      objectReference: {fileID: 0}
    - target: {fileID: 5395631816234478667, guid: 7dd49bb4d8123db4fb8805d1787f3d16,
        type: 3}
      propertyPath: m_LocalScale.y
      value: 0.936
      objectReference: {fileID: 0}
    - target: {fileID: 5395631816234478667, guid: 7dd49bb4d8123db4fb8805d1787f3d16,
        type: 3}
      propertyPath: m_LocalScale.z
      value: 0.936
      objectReference: {fileID: 0}
    - target: {fileID: 5395631816234478667, guid: 7dd49bb4d8123db4fb8805d1787f3d16,
        type: 3}
      propertyPath: m_AnchoredPosition.y
      value: -325
      objectReference: {fileID: 0}
    - target: {fileID: 5395631816234478667, guid: 7dd49bb4d8123db4fb8805d1787f3d16,
        type: 3}
      propertyPath: m_AnchoredPosition.x
      value: -1337
      objectReference: {fileID: 0}
    - target: {fileID: 1632467154797524976, guid: 7dd49bb4d8123db4fb8805d1787f3d16,
        type: 3}
      propertyPath: m_OnClick.m_PersistentCalls.m_Calls.Array.data[0].m_Target
      value: 
      objectReference: {fileID: 2046115371}
    - target: {fileID: 1632467154797524976, guid: 7dd49bb4d8123db4fb8805d1787f3d16,
        type: 3}
      propertyPath: m_OnClick.m_PersistentCalls.m_Calls.Array.data[0].m_MethodName
      value: MainMenu
      objectReference: {fileID: 0}
    - target: {fileID: 457491004201240761, guid: 7dd49bb4d8123db4fb8805d1787f3d16,
        type: 3}
      propertyPath: m_OnClick.m_PersistentCalls.m_Calls.Array.data[0].m_Target
      value: 
      objectReference: {fileID: 2046115371}
    - target: {fileID: 457491004201240761, guid: 7dd49bb4d8123db4fb8805d1787f3d16,
        type: 3}
      propertyPath: m_OnClick.m_PersistentCalls.m_Calls.Array.data[0].m_MethodName
      value: start
      objectReference: {fileID: 0}
    - target: {fileID: 5660866342687019370, guid: 7dd49bb4d8123db4fb8805d1787f3d16,
        type: 3}
      propertyPath: m_AnchoredPosition.x
      value: -2465
      objectReference: {fileID: 0}
    - target: {fileID: 7677064445738087607, guid: 7dd49bb4d8123db4fb8805d1787f3d16,
        type: 3}
      propertyPath: m_AnchoredPosition.x
      value: 549.4
      objectReference: {fileID: 0}
    - target: {fileID: 7677064445738087607, guid: 7dd49bb4d8123db4fb8805d1787f3d16,
        type: 3}
      propertyPath: m_SizeDelta.x
      value: -1175.5
      objectReference: {fileID: 0}
    - target: {fileID: 7677064445738087607, guid: 7dd49bb4d8123db4fb8805d1787f3d16,
        type: 3}
      propertyPath: m_AnchoredPosition.y
      value: -119.39999
      objectReference: {fileID: 0}
    - target: {fileID: 7677064445738087607, guid: 7dd49bb4d8123db4fb8805d1787f3d16,
        type: 3}
      propertyPath: m_SizeDelta.y
      value: 432.3
      objectReference: {fileID: 0}
    - target: {fileID: 3306096277832913856, guid: 7dd49bb4d8123db4fb8805d1787f3d16,
        type: 3}
      propertyPath: m_Name
      value: DescriptionArea
      objectReference: {fileID: 0}
    - target: {fileID: 8315422554895239114, guid: 7dd49bb4d8123db4fb8805d1787f3d16,
        type: 3}
      propertyPath: m_AnchoredPosition.y
      value: -53
      objectReference: {fileID: 0}
    - target: {fileID: 7318009831804728393, guid: 7dd49bb4d8123db4fb8805d1787f3d16,
        type: 3}
      propertyPath: m_Name
      value: Text_Description
      objectReference: {fileID: 0}
    - target: {fileID: 4339172365089179534, guid: 7dd49bb4d8123db4fb8805d1787f3d16,
        type: 3}
      propertyPath: m_AnchoredPosition.x
      value: 212.59998
      objectReference: {fileID: 0}
    - target: {fileID: 4339172365089179534, guid: 7dd49bb4d8123db4fb8805d1787f3d16,
        type: 3}
      propertyPath: m_SizeDelta.x
      value: 401.3
      objectReference: {fileID: 0}
    - target: {fileID: 4339172365089179534, guid: 7dd49bb4d8123db4fb8805d1787f3d16,
        type: 3}
      propertyPath: m_AnchoredPosition.y
      value: -352.8
      objectReference: {fileID: 0}
    - target: {fileID: 4339172365089179534, guid: 7dd49bb4d8123db4fb8805d1787f3d16,
        type: 3}
      propertyPath: m_SizeDelta.y
      value: 520.5
      objectReference: {fileID: 0}
    - target: {fileID: 5821480918615540431, guid: 7dd49bb4d8123db4fb8805d1787f3d16,
        type: 3}
      propertyPath: m_Name
      value: Text_Detail_1
      objectReference: {fileID: 0}
    - target: {fileID: 2640036698310983950, guid: 7dd49bb4d8123db4fb8805d1787f3d16,
        type: 3}
      propertyPath: m_FontData.m_Font
      value: 
      objectReference: {fileID: 12800000, guid: 94b97880a8b4ea447b98900860893faf,
        type: 3}
    - target: {fileID: 2640036698310983950, guid: 7dd49bb4d8123db4fb8805d1787f3d16,
        type: 3}
      propertyPath: m_Text
      value: 'Jujo discovered the gauntlet in his garage. The random experiment leaded
        him to trapped to the quantam realm. Doubtfully, he found the atmosphere unfamiliar.
        He had never experienced the journey like this before. '
      objectReference: {fileID: 0}
    - target: {fileID: 2640036698310983950, guid: 7dd49bb4d8123db4fb8805d1787f3d16,
        type: 3}
      propertyPath: m_FontData.m_HorizontalOverflow
      value: 0
      objectReference: {fileID: 0}
    - target: {fileID: 2640036698310983950, guid: 7dd49bb4d8123db4fb8805d1787f3d16,
        type: 3}
      propertyPath: m_FontData.m_VerticalOverflow
      value: 1
      objectReference: {fileID: 0}
    - target: {fileID: 2640036698310983950, guid: 7dd49bb4d8123db4fb8805d1787f3d16,
        type: 3}
      propertyPath: m_RaycastTarget
      value: 0
      objectReference: {fileID: 0}
    - target: {fileID: 7044132212965938812, guid: 7dd49bb4d8123db4fb8805d1787f3d16,
        type: 3}
      propertyPath: m_RootOrder
      value: 2
      objectReference: {fileID: 0}
    - target: {fileID: 7044132212965938812, guid: 7dd49bb4d8123db4fb8805d1787f3d16,
        type: 3}
      propertyPath: m_AnchoredPosition.x
      value: 212.59998
      objectReference: {fileID: 0}
    - target: {fileID: 1551876151855023878, guid: 7dd49bb4d8123db4fb8805d1787f3d16,
        type: 3}
      propertyPath: m_RootOrder
      value: 3
      objectReference: {fileID: 0}
    - target: {fileID: 1551876151855023878, guid: 7dd49bb4d8123db4fb8805d1787f3d16,
        type: 3}
      propertyPath: m_AnchoredPosition.x
      value: 212.59998
      objectReference: {fileID: 0}
    - target: {fileID: 2412707435997610372, guid: 7dd49bb4d8123db4fb8805d1787f3d16,
        type: 3}
      propertyPath: m_Text
      value: The journey was more challenging. Jujo had received the first gem with
        its ability. He was excited and nervous. He hopes the second gems would deserve
        to be his.
      objectReference: {fileID: 0}
    - target: {fileID: 7949271491204335286, guid: 7dd49bb4d8123db4fb8805d1787f3d16,
        type: 3}
      propertyPath: m_Text
      value: Jujo reached the edge of the quantum realm. The last gem was shining.
        He was wondering. What would happen after collecting 3 gems?
      objectReference: {fileID: 0}
    - target: {fileID: 6069940955185192596, guid: 7dd49bb4d8123db4fb8805d1787f3d16,
        type: 3}
      propertyPath: m_IsActive
      value: 0
      objectReference: {fileID: 0}
    - target: {fileID: 5053809403567176650, guid: 7dd49bb4d8123db4fb8805d1787f3d16,
        type: 3}
      propertyPath: m_LocalScale.x
      value: 0.93394
      objectReference: {fileID: 0}
    - target: {fileID: 5053809403567176650, guid: 7dd49bb4d8123db4fb8805d1787f3d16,
        type: 3}
      propertyPath: m_LocalScale.y
      value: 0.93394
      objectReference: {fileID: 0}
    - target: {fileID: 5053809403567176650, guid: 7dd49bb4d8123db4fb8805d1787f3d16,
        type: 3}
      propertyPath: m_LocalScale.z
      value: 0.93394
      objectReference: {fileID: 0}
    - target: {fileID: 5053809403567176650, guid: 7dd49bb4d8123db4fb8805d1787f3d16,
        type: 3}
      propertyPath: m_AnchoredPosition.y
      value: -327
      objectReference: {fileID: 0}
    - target: {fileID: 28486108176175154, guid: 7dd49bb4d8123db4fb8805d1787f3d16,
        type: 3}
      propertyPath: m_Name
      value: PlayButton
      objectReference: {fileID: 0}
    - target: {fileID: 114898391017405114, guid: 7dd49bb4d8123db4fb8805d1787f3d16,
        type: 3}
      propertyPath: m_Delegates.Array.data[0].callback.m_PersistentCalls.m_Calls.Array.size
      value: 1
      objectReference: {fileID: 0}
    - target: {fileID: 114898391017405114, guid: 7dd49bb4d8123db4fb8805d1787f3d16,
        type: 3}
      propertyPath: m_Delegates.Array.data[0].callback.m_PersistentCalls.m_Calls.Array.data[0].m_Target
      value: 
      objectReference: {fileID: 114099630704446298, guid: 17ea11e4b1dda1d42939eef1c35fc514,
        type: 3}
    - target: {fileID: 114898391017405114, guid: 7dd49bb4d8123db4fb8805d1787f3d16,
        type: 3}
      propertyPath: m_Delegates.Array.data[0].callback.m_PersistentCalls.m_Calls.Array.data[0].m_MethodName
      value: PointAtBtn
      objectReference: {fileID: 0}
    - target: {fileID: 114898391017405114, guid: 7dd49bb4d8123db4fb8805d1787f3d16,
        type: 3}
      propertyPath: m_Delegates.Array.data[0].callback.m_PersistentCalls.m_Calls.Array.data[0].m_Arguments.m_ObjectArgumentAssemblyTypeName
      value: UnityEngine.Object, UnityEngine
      objectReference: {fileID: 0}
    - target: {fileID: 114620633214708948, guid: 7dd49bb4d8123db4fb8805d1787f3d16,
        type: 3}
      propertyPath: m_Delegates.Array.data[0].callback.m_PersistentCalls.m_Calls.Array.size
      value: 1
      objectReference: {fileID: 0}
    - target: {fileID: 114620633214708948, guid: 7dd49bb4d8123db4fb8805d1787f3d16,
        type: 3}
      propertyPath: m_Delegates.Array.data[0].callback.m_PersistentCalls.m_Calls.Array.data[1].m_Mode
      value: 1
      objectReference: {fileID: 0}
    - target: {fileID: 114620633214708948, guid: 7dd49bb4d8123db4fb8805d1787f3d16,
        type: 3}
      propertyPath: m_Delegates.Array.data[0].callback.m_PersistentCalls.m_Calls.Array.data[1].m_CallState
      value: 2
      objectReference: {fileID: 0}
    - target: {fileID: 114620633214708948, guid: 7dd49bb4d8123db4fb8805d1787f3d16,
        type: 3}
      propertyPath: m_Delegates.Array.data[0].callback.m_PersistentCalls.m_Calls.Array.data[1].m_Target
      value: 
      objectReference: {fileID: 0}
    - target: {fileID: 114620633214708948, guid: 7dd49bb4d8123db4fb8805d1787f3d16,
        type: 3}
      propertyPath: m_Delegates.Array.data[0].callback.m_PersistentCalls.m_Calls.Array.data[1].m_MethodName
      value: startAnimated
      objectReference: {fileID: 0}
    - target: {fileID: 114620633214708948, guid: 7dd49bb4d8123db4fb8805d1787f3d16,
        type: 3}
      propertyPath: m_Delegates.Array.data[0].callback.m_PersistentCalls.m_Calls.Array.data[1].m_Arguments.m_ObjectArgumentAssemblyTypeName
      value: UnityEngine.Object, UnityEngine
      objectReference: {fileID: 0}
    - target: {fileID: 1519588628765510820, guid: 7dd49bb4d8123db4fb8805d1787f3d16,
        type: 3}
      propertyPath: m_IsActive
      value: 0
      objectReference: {fileID: 0}
    - target: {fileID: 156935430756992465, guid: 7dd49bb4d8123db4fb8805d1787f3d16,
        type: 3}
      propertyPath: m_IsActive
      value: 0
      objectReference: {fileID: 0}
    m_RemovedComponents: []
  m_SourcePrefab: {fileID: 100100000, guid: 7dd49bb4d8123db4fb8805d1787f3d16, type: 3}
--- !u!224 &1548286599 stripped
RectTransform:
  m_CorrespondingSourceObject: {fileID: 224711543064619928, guid: 7dd49bb4d8123db4fb8805d1787f3d16,
    type: 3}
  m_PrefabInstance: {fileID: 1521075426}
  m_PrefabAsset: {fileID: 0}
--- !u!1 &1604140230 stripped
GameObject:
  m_CorrespondingSourceObject: {fileID: 1472993795514896, guid: 7dd49bb4d8123db4fb8805d1787f3d16,
    type: 3}
  m_PrefabInstance: {fileID: 1521075426}
  m_PrefabAsset: {fileID: 0}
--- !u!1 &1619414527 stripped
GameObject:
  m_CorrespondingSourceObject: {fileID: 1619414527, guid: 7dd49bb4d8123db4fb8805d1787f3d16,
    type: 3}
  m_PrefabInstance: {fileID: 1521075426}
  m_PrefabAsset: {fileID: 0}
--- !u!1 &1776512361 stripped
GameObject:
  m_CorrespondingSourceObject: {fileID: 6069940955185192596, guid: 7dd49bb4d8123db4fb8805d1787f3d16,
    type: 3}
  m_PrefabInstance: {fileID: 1521075426}
  m_PrefabAsset: {fileID: 0}
--- !u!114 &1776512363 stripped
MonoBehaviour:
  m_CorrespondingSourceObject: {fileID: 7949271491204335286, guid: 7dd49bb4d8123db4fb8805d1787f3d16,
    type: 3}
  m_PrefabInstance: {fileID: 1521075426}
  m_PrefabAsset: {fileID: 0}
  m_GameObject: {fileID: 1776512361}
  m_Enabled: 1
  m_EditorHideFlags: 0
  m_Script: {fileID: 708705254, guid: f70555f144d8491a825f0804e09c671c, type: 3}
  m_Name: 
  m_EditorClassIdentifier: 
--- !u!114 &1776512365
MonoBehaviour:
  m_ObjectHideFlags: 0
  m_CorrespondingSourceObject: {fileID: 0}
  m_PrefabInstance: {fileID: 0}
  m_PrefabAsset: {fileID: 0}
  m_GameObject: {fileID: 1776512361}
  m_Enabled: 1
  m_EditorHideFlags: 0
  m_Script: {fileID: 11500000, guid: 90f48c6c3ea0b69409c5972b92607c0b, type: 3}
  m_Name: 
  m_EditorClassIdentifier: 
  letterTime: 0.001
  fullText: Jujo reached the edge of the quantum realm. The last gem was shining.
    He was wondering. What would happen after collecting 3 gems?
  currentText: 
  cutsceneText: {fileID: 1776512363}
--- !u!1 &1996676190
GameObject:
  m_ObjectHideFlags: 0
  m_CorrespondingSourceObject: {fileID: 0}
  m_PrefabInstance: {fileID: 0}
  m_PrefabAsset: {fileID: 0}
  serializedVersion: 6
  m_Component:
  - component: {fileID: 1996676193}
  - component: {fileID: 1996676192}
  - component: {fileID: 1996676191}
  m_Layer: 0
  m_Name: EventSystem
  m_TagString: Untagged
  m_Icon: {fileID: 0}
  m_NavMeshLayer: 0
  m_StaticEditorFlags: 0
  m_IsActive: 1
--- !u!114 &1996676191
MonoBehaviour:
  m_ObjectHideFlags: 0
  m_CorrespondingSourceObject: {fileID: 0}
  m_PrefabInstance: {fileID: 0}
  m_PrefabAsset: {fileID: 0}
  m_GameObject: {fileID: 1996676190}
  m_Enabled: 1
  m_EditorHideFlags: 0
  m_Script: {fileID: 1077351063, guid: f70555f144d8491a825f0804e09c671c, type: 3}
  m_Name: 
  m_EditorClassIdentifier: 
  m_HorizontalAxis: Horizontal
  m_VerticalAxis: Vertical
  m_SubmitButton: Submit
  m_CancelButton: Cancel
  m_InputActionsPerSecond: 10
  m_RepeatDelay: 0.5
  m_ForceModuleActive: 0
--- !u!114 &1996676192
MonoBehaviour:
  m_ObjectHideFlags: 0
  m_CorrespondingSourceObject: {fileID: 0}
  m_PrefabInstance: {fileID: 0}
  m_PrefabAsset: {fileID: 0}
  m_GameObject: {fileID: 1996676190}
  m_Enabled: 1
  m_EditorHideFlags: 0
  m_Script: {fileID: -619905303, guid: f70555f144d8491a825f0804e09c671c, type: 3}
  m_Name: 
  m_EditorClassIdentifier: 
  m_FirstSelected: {fileID: 0}
  m_sendNavigationEvents: 1
  m_DragThreshold: 10
--- !u!4 &1996676193
Transform:
  m_ObjectHideFlags: 0
  m_CorrespondingSourceObject: {fileID: 0}
  m_PrefabInstance: {fileID: 0}
  m_PrefabAsset: {fileID: 0}
  m_GameObject: {fileID: 1996676190}
  m_LocalRotation: {x: 0, y: 0, z: 0, w: 1}
  m_LocalPosition: {x: 0, y: 0, z: 0}
  m_LocalScale: {x: 1, y: 1, z: 1}
  m_Children: []
  m_Father: {fileID: 0}
  m_RootOrder: 3
  m_LocalEulerAnglesHint: {x: 0, y: 0, z: 0}
--- !u!1 &2020991942 stripped
GameObject:
  m_CorrespondingSourceObject: {fileID: 5821480918615540431, guid: 7dd49bb4d8123db4fb8805d1787f3d16,
    type: 3}
  m_PrefabInstance: {fileID: 1521075426}
  m_PrefabAsset: {fileID: 0}
--- !u!114 &2020991944
MonoBehaviour:
  m_ObjectHideFlags: 0
  m_CorrespondingSourceObject: {fileID: 0}
  m_PrefabInstance: {fileID: 0}
  m_PrefabAsset: {fileID: 0}
  m_GameObject: {fileID: 2020991942}
  m_Enabled: 1
  m_EditorHideFlags: 0
  m_Script: {fileID: 11500000, guid: 90f48c6c3ea0b69409c5972b92607c0b, type: 3}
  m_Name: 
  m_EditorClassIdentifier: 
  letterTime: 0.001
  fullText: 'Jujo discovered the gauntlet in his garage. The random experiment leaded
    him to trapped to the quantam realm. Doubtfully, he found the atmosphere unfamiliar.
    He had never experienced the journey like this before. '
  currentText: 
  cutsceneText: {fileID: 0}
--- !u!1 &2046115366
GameObject:
  m_ObjectHideFlags: 0
  m_CorrespondingSourceObject: {fileID: 0}
  m_PrefabInstance: {fileID: 0}
  m_PrefabAsset: {fileID: 0}
  serializedVersion: 6
  m_Component:
  - component: {fileID: 2046115370}
  - component: {fileID: 2046115369}
  - component: {fileID: 2046115368}
  - component: {fileID: 2046115367}
  - component: {fileID: 2046115371}
  - component: {fileID: 2046115372}
  m_Layer: 5
  m_Name: Canvas
  m_TagString: Untagged
  m_Icon: {fileID: 0}
  m_NavMeshLayer: 0
  m_StaticEditorFlags: 0
  m_IsActive: 1
--- !u!114 &2046115367
MonoBehaviour:
  m_ObjectHideFlags: 0
  m_CorrespondingSourceObject: {fileID: 0}
  m_PrefabInstance: {fileID: 0}
  m_PrefabAsset: {fileID: 0}
  m_GameObject: {fileID: 2046115366}
  m_Enabled: 1
  m_EditorHideFlags: 0
  m_Script: {fileID: 1301386320, guid: f70555f144d8491a825f0804e09c671c, type: 3}
  m_Name: 
  m_EditorClassIdentifier: 
  m_IgnoreReversedGraphics: 1
  m_BlockingObjects: 0
  m_BlockingMask:
    serializedVersion: 2
    m_Bits: 4294967295
--- !u!114 &2046115368
MonoBehaviour:
  m_ObjectHideFlags: 0
  m_CorrespondingSourceObject: {fileID: 0}
  m_PrefabInstance: {fileID: 0}
  m_PrefabAsset: {fileID: 0}
  m_GameObject: {fileID: 2046115366}
  m_Enabled: 1
  m_EditorHideFlags: 0
  m_Script: {fileID: 1980459831, guid: f70555f144d8491a825f0804e09c671c, type: 3}
  m_Name: 
  m_EditorClassIdentifier: 
  m_UiScaleMode: 1
  m_ReferencePixelsPerUnit: 100
  m_ScaleFactor: 1
  m_ReferenceResolution: {x: 1600, y: 900}
  m_ScreenMatchMode: 0
  m_MatchWidthOrHeight: 0
  m_PhysicalUnit: 3
  m_FallbackScreenDPI: 96
  m_DefaultSpriteDPI: 96
  m_DynamicPixelsPerUnit: 1
--- !u!223 &2046115369
Canvas:
  m_ObjectHideFlags: 0
  m_CorrespondingSourceObject: {fileID: 0}
  m_PrefabInstance: {fileID: 0}
  m_PrefabAsset: {fileID: 0}
  m_GameObject: {fileID: 2046115366}
  m_Enabled: 1
  serializedVersion: 3
  m_RenderMode: 1
  m_Camera: {fileID: 1443092115}
  m_PlaneDistance: 100
  m_PixelPerfect: 0
  m_ReceivesEvents: 1
  m_OverrideSorting: 0
  m_OverridePixelPerfect: 0
  m_SortingBucketNormalizedSize: 0
  m_AdditionalShaderChannelsFlag: 0
  m_SortingLayerID: 0
  m_SortingOrder: 0
  m_TargetDisplay: 0
--- !u!224 &2046115370
RectTransform:
  m_ObjectHideFlags: 0
  m_CorrespondingSourceObject: {fileID: 0}
  m_PrefabInstance: {fileID: 0}
  m_PrefabAsset: {fileID: 0}
  m_GameObject: {fileID: 2046115366}
  m_LocalRotation: {x: 0, y: 0, z: 0, w: 1}
  m_LocalPosition: {x: 0, y: 0, z: 0}
  m_LocalScale: {x: 0, y: 0, z: 0}
  m_Children:
  - {fileID: 1548286599}
  m_Father: {fileID: 0}
  m_RootOrder: 2
  m_LocalEulerAnglesHint: {x: 0, y: 0, z: 0}
  m_AnchorMin: {x: 0, y: 0}
  m_AnchorMax: {x: 0, y: 0}
  m_AnchoredPosition: {x: 0, y: 0}
  m_SizeDelta: {x: 0, y: 0}
  m_Pivot: {x: 0, y: 0}
--- !u!114 &2046115371
MonoBehaviour:
  m_ObjectHideFlags: 0
  m_CorrespondingSourceObject: {fileID: 0}
  m_PrefabInstance: {fileID: 0}
  m_PrefabAsset: {fileID: 0}
  m_GameObject: {fileID: 2046115366}
  m_Enabled: 1
  m_EditorHideFlags: 0
  m_Script: {fileID: 11500000, guid: f2ee2708549352740a3e9e3bffda8ca9, type: 3}
  m_Name: 
  m_EditorClassIdentifier: 
  StagePictures:
  - {fileID: 1277010723}
  - {fileID: 1604140230}
  - {fileID: 1619414527}
  StageText:
  - {fileID: 403830713}
  - {fileID: 403830713}
  - {fileID: 403830713}
  LevelDetail:
  - {fileID: 2020991942}
  - {fileID: 771397340}
  - {fileID: 1776512361}
  PlayBTN: {fileID: 369107169}
  stageName:
  - PILOT
  - CONTINUE
  - FINALE
  stageTXT: {fileID: 403830715}
  DescriptionTopicText: {fileID: 232215425}
  btnField: {fileID: 910849379}
  anim: {fileID: 910849381}
--- !u!82 &2046115372
AudioSource:
  m_ObjectHideFlags: 0
  m_CorrespondingSourceObject: {fileID: 0}
  m_PrefabInstance: {fileID: 0}
  m_PrefabAsset: {fileID: 0}
  m_GameObject: {fileID: 2046115366}
  m_Enabled: 1
  serializedVersion: 4
  OutputAudioMixerGroup: {fileID: 0}
  m_audioClip: {fileID: 8300000, guid: 27bc5216e6793f6458c74ac039c8c75f, type: 3}
  m_PlayOnAwake: 1
  m_Volume: 1
  m_Pitch: 1
  Loop: 1
  Mute: 0
  Spatialize: 0
  SpatializePostEffects: 0
  Priority: 128
  DopplerLevel: 1
  MinDistance: 1
  MaxDistance: 500
  Pan2D: 0
  rolloffMode: 0
  BypassEffects: 0
  BypassListenerEffects: 0
  BypassReverbZones: 0
  rolloffCustomCurve:
    serializedVersion: 2
    m_Curve:
    - serializedVersion: 3
      time: 0
      value: 1
      inSlope: 0
      outSlope: 0
      tangentMode: 0
      weightedMode: 0
      inWeight: 0.33333334
      outWeight: 0.33333334
    - serializedVersion: 3
      time: 1
      value: 0
      inSlope: 0
      outSlope: 0
      tangentMode: 0
      weightedMode: 0
      inWeight: 0.33333334
      outWeight: 0.33333334
    m_PreInfinity: 2
    m_PostInfinity: 2
    m_RotationOrder: 4
  panLevelCustomCurve:
    serializedVersion: 2
    m_Curve:
    - serializedVersion: 3
      time: 0
      value: 0
      inSlope: 0
      outSlope: 0
      tangentMode: 0
      weightedMode: 0
      inWeight: 0.33333334
      outWeight: 0.33333334
    m_PreInfinity: 2
    m_PostInfinity: 2
    m_RotationOrder: 4
  spreadCustomCurve:
    serializedVersion: 2
    m_Curve:
    - serializedVersion: 3
      time: 0
      value: 0
      inSlope: 0
      outSlope: 0
      tangentMode: 0
      weightedMode: 0
      inWeight: 0.33333334
      outWeight: 0.33333334
    m_PreInfinity: 2
    m_PostInfinity: 2
    m_RotationOrder: 4
  reverbZoneMixCustomCurve:
    serializedVersion: 2
    m_Curve:
    - serializedVersion: 3
      time: 0
      value: 1
      inSlope: 0
      outSlope: 0
      tangentMode: 0
      weightedMode: 0
      inWeight: 0.33333334
      outWeight: 0.33333334
    m_PreInfinity: 2
    m_PostInfinity: 2
    m_RotationOrder: 4
